001  0000274
005  20180919162522.616
008  180919s||||     bl|||||||||||||||||por|u
020    $a9788599953044
040    $aPorto Alegre$bpor
080    $21987$a77.03:796.89
090    $a77.03:796.89$bA448c
100 1  $aAlmeida, Rodrigo de
245 10 $aCapoeira$bluta, dança e jogo da liberdade$cRodrigo de Almeida; André Cypriano; Letícia Pimenta
260    $aSão Paulo$bAORI$c2009
300    $a201 p.$bfotografia
650    $aCapoeira
650    $ahistória
650    $aEscravidão
650    $aEscravidão
650    $aCultura
650    $aFotografia
